@article{xie2015link,
  title={A link prediction approach for item recommendation with complex number},
  author={Xie, Feng and Chen, Zhen and Shang, Jiaxing and Feng, Xiaoping and Li, Jun},
  journal={Knowledge-Based Systems},
  volume={81},
  pages={148--158},
  year={2015},
  publisher={Elsevier}
}

@inproceedings{chen2005link,
  title={Link prediction approach to collaborative filtering},
  author={Chen, Hsinchun and Li, Xin and Huang, Zan},
  booktitle={Digital Libraries, 2005. JCDL'05. Proceedings of the 5th ACM/IEEE-CS Joint Conference on},
  pages={141--142},
  year={2005},
  organization={IEEE}
}

@book{jannach2010recommender,
  title={Recommender systems: an introduction},
  author={Jannach, Dietmar and Zanker, Markus and Felfernig, Alexander and Friedrich, Gerhard},
  year={2010},
  publisher={Cambridge University Press}
}

@MISC{recommendersystem,
    author = {{Jaldert Rombouts and Tessa Verhoef}},
    title = {Recommender Systems},
    year = {2016},
    note = {[Online; accessed January 14, 2019]},
    url = {http://trouvus.com/wp-content/uploads/2016/03/2.1.png}
}